%Secret Rabbit Code
@misc{lopo_2011, 
    title={{Secret Rabbit Code}}, 
    url={mega-nerd.com/SRC/}, 
    journal={mega-nerd}, 
    publisher={Erik D Castro Lopo}, 
    author={Lopo, Erik de Castro}, 
    year={2011},
    month={Aug}
}
%Sndfile tools
@misc{lopo_2017, 
    title={{sndfile-tools}}, 
    url={mega-nerd.com/libsndfile/tools/}, 
    journal={mega-nerd}, 
    publisher={Erik D Castro Lopo}, 
    author={Lopo, Erik de Castro},
    year={2017},
    month={April},
    day={2}
}
%HRTF
@conference{andreopoulou2011towards,
	title = {{Towards the Creation of a Standardized HRTF Repository}},
	author = {Andreopoulou, Areti and Roginska, Agnieszka},
	booktitle = {Audio Engineering Society Convention 131},
	month = {October},
	year = {2011},
	url = {www.aes.org/e-lib/browse.cfm?elib=16096}
}

%FFTW 
@manual{fftw3,
    title= {{FFTW}},
    author = {Frigo,Matteo and G. Johnson, Steven},
    version = {Version 3.3.8},
    url = {www.fftw.org/fftw3.pdf},
    organization = {MIT},
    pagetotal = {116},
    month = {May},
    year = {2018}
}

%CUDA definition 
@misc{nvidia_accelerated_computing_2018, 
    title = {{CUDA Zone}}, 
    url={https://developer.nvidia.com/cuda-zone}, 
    author = {{NVIDIA Corporation}},
    journal={NVIDIA Accelerated Computing}, 
    publisher={NVIDIA}, 
    year={2018}, 
    month={October}
}

%CUDA indexing picture
@misc{nvidia_indexing, 
    title = {{An Even Easier Introduction to CUDA}}, 
    url={devblogs.nvidia.com/even-easier-introduction-cuda}, 
    author = {Mark Harris},
    journal={{NVIDIA Developer Blog}}, 
    publisher={NVIDIA}, 
    year={2017}, 
    month={Jan},
    day = {25}
}
%CGMA
@book{kirk_hwu_2010, 
    place={Burlington}, 
    title={Programming massively parallel processors: a hands-on approach}, 
    publisher={Morgan Kaufmann}, 
    author={Kirk, David and Hwu, Wen-mei W.}, 
    year={2010}
}
%cuFFT Callbacks
@misc{cufft_callbacks,
    title = {{CUDA Pro Tip: Use cuFFT Callbacks for Custom Data Processing}},
    journal={{NVIDIA Developer Blog}}, 
    publisher={NVIDIA}, 
    url = {devblogs.nvidia.com/cuda-pro-tip-use-cufft-callbacks-custom-data-processing/},
    author = {Christoph Angerer},
    month = {Sept},
    day = {24},
    year = {2014}
}
%CUDA C Programming Guide
@manual{cudaC,
    title= {{CUDA C Programming Guide}},
    author = {{NVIDIA Corporation}},
    version = {Version 10.0.130},
    url = {docs.nvidia.com/cuda/cuda-c-programming-guide/index.html},
    publisher = {NVIDIA},
    year = {2018},
    month = {October}
}

%CUFFT
@manual{cufft,
    title = {{cuFFT Library User's Guide}},
    version = {Version 10.0.130},
    author = {{NVIDIA Corporation}},
    organization = {NVIDIA},
    publisher = {NVIDIA},
    url = {docs.nvidia.com/cuda/cufft/index.html},
    month = {October},
    year = {2018}
}

  

%C Best Practices
@manual{cudaCBestPractices,
    title = {{CUDA C Best Practices}},
    version = {Version 10.0.130},
    author = {{NVIDIA Corporation}},
    publisher = {NVIDIA},
    organization = {NVIDIA},
    url = {docs.nvidia.com/cuda/cuda-c-best-practices-guide/index.html},
    month = {October},
    year = {2018}
}

%Thrust
@manual{thrust,
     title = {Thrust},
     month = {March},
     year = {2015},
     day = {2},
     author = {Hoberock, Jared and Bell, Nathan},
     url = {thrust.github.io/doc/group__extrema.html}
}

%Intel Export Compliance
@techreport{export_compliance,
    title = {{Export Compliance Metrics for Intel速 Microprocessors}},
    subtitle = {Intel Core速 Processors},
    institution = {Intel},
    month = {April},
    day = {1},
    year = {2018},
    url = {www.intel.com/content/dam/support/us/en/documents/processors/APP-for-Intel-Core-Processors.pdf}
}


%NVIDIA Tesla GP100 Whitepaper
@techreport{teslagp100,
    title = {{NVIDIA Tesla P100}},
    url = {images.nvidia.com/content/pdf/tesla/whitepaper/pascal-architecture-whitepaper.pdf},
    author = {{NVIDIA Corporation}},
    organization = {NVIDIA},
    institution = {NVIDIA},
    year = {2016}
}

%Algorithms article
@ARTICLE{6216339, 
    author={J. A. Stratton and C. Rodrigues and I. Sung and L. Chang and N. Anssari and G. Liu and W. W. Hwu and N. Obeid}, 
    journal={Computer}, 
    title = {{Algorithm and Data Optimization Techniques for Scaling to Massively Threaded Systems}},
    year={2012}, 
    volume={45}, 
    number={8}, 
    pages={26-32}, 
    keywords={graphics processing units;multiprocessing systems;optimisation;data optimization techniques;massively threaded systems;many-core GPU;Instruction sets;System-on-a-chip;Bandwidth;Histograms;Optimization;Graphics processing unit;Multithreading;massively threaded systems;optimization patterns;accelerators;scalability;Parboil benchmarks}, 
    doi={10.1109/MC.2012.194}, 
    ISSN={0018-9162}, 
    month={August}
}

%PCIe
@misc{pci-sig,
    title={{Frequently Asked Questions}}, url={http://pcisig.com/faq?field_category_value%5B%5D=pci_express_3.0&field_category_value%5B%5D=pci_express_4.0&keys=}, 
    journal={Frequently Asked Questions | PCI-SIG}, 
    publisher={PCI-SIG}, 
    year={2018}
}

%Intel processor numbers
@misc{intel, 
    title={Intel速 Processor Numbers: Laptop, Desktop, and Mobile Device},
    subtitle = {About Intel速 Processor Numbers},
    url={www.intel.com/content/www/us/en/processors/processor-numbers.html}, 
    author = {Intel},
    publisher={Intel}
}

%Libsndfile
@misc{lopo_2013, 
    title={libsndfile}, 
    url={mega-nerd.com/libsndfile/}, 
    journal={mega-nerd}, 
    publisher={Erik de Castro Lopo}, 
    author={Lopo, Erik de Castro}, 
    year={2013}, 
    month={April}
}